@article{DanielPriegnitz,
		author  = {Louisa Traser, Mario Fleischer, Daniel Prignitz, Fiona Stritt, Marie Köberlein, Jonas Kirsch, Johannes Fischer, Hanspeter Herzel, Dirk Mürbe, Bernhard Richter, Matthias Echternach},
		title   = {In Vivo insights into irregular voice production as a complex non-linear system- a case study},
        year    = {2025},
        note    = {under review}
	}

@book{Nonlinear_Dynamic_and_chaos_book,
author = {Steven H. Storgatz},
titel = {Nonlinear Dynamics and Chaos},
year = {2015},
isbn = {978-0-8133-4910-7},
publisher = {Taylor {\&} Francis Group}
}